@inproceedings{kuck2024otimizacao,
  title={Otimização da Aquisição de Dados {SAR} para Monitoramento de Áreas com Alto Risco de Desmatamento no Bioma Amazônia com uso de Algoritmos Genéticos},
  author={Kuck, Tahisa Neitzel and Hayashi, Ana Cláudia Iwazaki and Pinto, Maria José and Shiguemori, Elcio Hideiti and Siqueira, Heitor Vinicius Silva de and Oliveira, Renzo Hideki and Pola, Hiawata and Oliveira, Alexandre Cesar Muniz de},
  booktitle={Anais do Simpósio Brasileiro de Pesquisa Operacional},
  year={2024},
}

@misc{Combarro2023,
  title   = {Constraint Model for the Satellite Image Mosaic Selection Problem},
  author  = {Combarro Sim{\'o}n, Manuel and Talbot, Pierre and Danoy, Gr{\'e}goire and Musial, Jedrzej and Alswaitti, Mohammed and Bouvry, Pascal},
  year    = {2023},
  howpublished = {arXiv preprint arXiv:2312.04210},
  url     = {https://arxiv.org/abs/2312.04210},
}

@article{Li2024,
  title   = {Remote Sensing Image Retrieval Algorithm for Dense Data (DD-RSIRA)},
  author  = {Li, Fang and Liu, Yujie and Liu, Jie},
  journal = {Remote Sensing},
  volume  = {16},
  number  = {1},
  pages   = {98},
  year    = {2024},
  doi     = {10.3390/rs16010098},
}

@article{Zhang2022,
  title   = {Optimal Selection from Extremely Redundant Satellite Images for Efficient Large-Scale Mapping},
  author  = {Zhang, Peng and Xi, Kai and Niu, Zhiyong and Tao, Peng},
  journal = {ISPRS Journal of Photogrammetry and Remote Sensing},
  volume  = {194},
  pages   = {21--38},
  year    = {2022},
  doi     = {10.1016/j.isprsjprs.2022.10.003},
}

@misc{Kim2019,
  title   = {Task Scheduling of Multiple Agile Satellites with Transition Time and Stereo Imaging Constraints},
  author  = {Kim, Junhong and Cho, Doo-Hyun and Ahn, Jaemyung and Choi, Han-Lim},
  year    = {2019},
  howpublished = {arXiv preprint arXiv:1912.00374},
  url     = {https://arxiv.org/abs/1912.00374},
}